
@article{floel2004prefrontal,
  title={Prefrontal cortex asymmetry for memory encoding of words and abstract shapes},
  author={Floel, Agnes and Poeppel, David and Buffalo, Elizabeth A and Braun, Allen and Wu, Carolyn W-H and Seo, Hyae-Jung and Stefan, Katja and Knecht, Stefan and Cohen, Leonardo G},
  journal={Cerebral Cortex},
  volume={14},
  number={4},
  pages={404--409},
  year={2004},
  publisher={Oxford University Press}
}

@article{jacobson2012oppositional,
  title={Oppositional transcranial direct current stimulation (tDCS) of parietal substrates of attention during encoding modulates episodic memory},
  author={Jacobson, Liron and Goren, Nir and Lavidor, Michal and Levy, Daniel A},
  journal={Brain research},
  volume={1439},
  pages={66--72},
  year={2012},
  publisher={Elsevier}
}

@article{leach2019differential,
  title={Differential age effects of transcranial direct current stimulation on associative memory},
  author={Leach, Ryan C and McCurdy, Matthew P and Trumbo, Michael C and Matzen, Laura E and Leshikar, Eric D},
  journal={The Journals of Gerontology: Series B},
  volume={74},
  number={7},
  pages={1163--1173},
  year={2019},
  publisher={Oxford University Press US}
}

@article{manenti2013enhancing,
  title={Enhancing verbal episodic memory in older and young subjects after non-invasive brain stimulation},
  author={Manenti, Rosa and Brambilla, Michela and Petesi, Michela and Ferrari, Clarissa and Cotelli, Maria},
  journal={Frontiers in aging neuroscience},
  volume={5},
  pages={49},
  year={2013},
  publisher={Frontiers}
}



@article{medvedeva2019effects,
  title={Effects of anodal transcranial direct current stimulation over the ventrolateral prefrontal cortex on episodic memory formation and retrieval},
  author={Medvedeva, Angela and Materassi, Maurizio and Neacsu, Victorita and Beresford-Webb, Jesssica and Hussin, Aya and Khan, Naghma and Newton, Felix and Galli, Giulia},
  journal={Cerebral Cortex},
  volume={29},
  number={2},
  pages={657--665},
  year={2019},
  publisher={Oxford University Press}
}

@article{lyashevskaya2009frequency,
  title={Frequency dictionary of the modern Russian language (the Russian National Corpus)},
  author={Lyashevskaya, Olga N and Sharov, Sergey A},
  journal={М.: Azbukovnik (in Russian)},
  year={2009}
}


@article{teo2011investigating,
  title={Investigating the role of current strength in tDCS modulation of working memory performance in healthy controls},
  author={Teo, Florence and Hoy, Kate E and Daskalakis, Zafiris J and Fitzgerald, Paul B},
  journal={Frontiers in psychiatry},
  volume={2},
  pages={45},
  year={2011},
  publisher={Frontiers}
}


@incollection{mendoza2019towards,
  title={Towards automatically-tuned deep neural networks},
  author={Mendoza, Hector and Klein, Aaron and Feurer, Matthias and Springenberg, Jost Tobias and Urban, Matthias and Burkart, Michael and Dippel, Maximilian and Lindauer, Marius and Hutter, Frank},
  booktitle={Automated Machine Learning},
  pages={135--149},
  year={2019},
  publisher={Springer}
}

@inproceedings{paszke2017automatic,
  title={Automatic differentiation in pytorch},
  author={Paszke, Adam and Gross, Sam and Chintala, Soumith and Chanan, Gregory and Yang, Edward and DeVito, Zachary and Lin, Zeming and Desmaison, Alban and Antiga, Luca and Lerer, Adam},
  booktitle={Proceedings of Neural Information Processing Systems},
  year={2017}
}


@article{zhang2018word,
  title={Word embedding perturbation for sentence classification},
  author={Zhang, Dongxu and Yang, Zhichao},
  journal={arXiv preprint arXiv:1804.08166},
  year={2018}
}


@article{al2017predicting,
  title={Predicting tDCS treatment outcomes of patients with major depressive disorder using automated EEG classification},
  author={Al-Kaysi, Alaa M and Al-Ani, Ahmed and Loo, Colleen K and Powell, Tamara Y and Martin, Donel M and Breakspear, Michael and Boonstra, Tjeerd W},
  journal={Journal of Affective Disorders},
  volume={208},
  pages={597--603},
  year={2017},
  publisher={Elsevier}
}

@article{bachtiar2015modulation,
  title={Modulation of GABA and resting state functional connectivity by transcranial direct current stimulation},
  author={Bachtiar, Velicia and Near, Jamie and Johansen-Berg, Heidi and Stagg, Charlotte J},
  journal={Elife},
  volume={4},
  pages={e08789},
  year={2015},
  publisher={eLife Sciences Publications Limited}
}

@article{balconi2012emotional,
  title={Emotional memory retrieval. rTMS stimulation on left DLPFC increases the positive memories},
  author={Balconi, Michela and Ferrari, Chiara},
  journal={Brain imaging and behavior},
  volume={6},
  number={3},
  pages={454--461},
  year={2012},
  publisher={Springer}
}

@article{balzarotti2016effects,
  title={Effects of unilateral transcranial direct current stimulation of left prefrontal cortex on processing and memory of emotional visual stimuli},
  author={Balzarotti, Stefania and Colombo, Barbara},
  journal={PloS one},
  volume={11},
  number={7},
  year={2016},
  publisher={Public Library of Science}
}

@article{blumenfeld2014effects,
  title={The effects of lateral prefrontal transcranial magnetic stimulation on item memory encoding},
  author={Blumenfeld, Robert S and Lee, Taraz G and D’Esposito, Mark},
  journal={Neuropsychologia},
  volume={53},
  pages={197--202},
  year={2014},
  publisher={Elsevier}
}

@article{blumenfeld2013lateral,
  title={Lateral prefrontal cortex is organized into parallel dorsal and ventral streams along the rostro-caudal axis},
  author={Blumenfeld, Robert S and Nomura, Emi M and Gratton, Caterina and D'Esposito, Mark},
  journal={Cerebral Cortex},
  volume={23},
  number={10},
  pages={2457--2466},
  year={2013},
  publisher={Oxford University Press}
}

@article{blumenfeld2011putting,
  title={Putting the pieces together: the role of dorsolateral prefrontal cortex in relational memory encoding},
  author={Blumenfeld, Robert S and Parks, Colleen M and Yonelinas, Andrew P and Ranganath, Charan},
  journal={Journal of cognitive neuroscience},
  volume={23},
  number={1},
  pages={257--265},
  year={2011},
  publisher={MIT Press}
}

@article{blumenfeld2006dorsolateral,
  title={Dorsolateral prefrontal cortex promotes long-term memory formation through its role in working memory organization},
  author={Blumenfeld, Robert S and Ranganath, Charan},
  journal={Journal of Neuroscience},
  volume={26},
  number={3},
  pages={916--925},
  year={2006},
  publisher={Soc Neuroscience}
}

@article{blumenfeld2007prefrontal,
  title={Prefrontal cortex and long-term memory encoding: an integrative review of findings from neuropsychology and neuroimaging},
  author={Blumenfeld, Robert S and Ranganath, Charan},
  journal={The Neuroscientist},
  volume={13},
  number={3},
  pages={280--291},
  year={2007},
  publisher={Sage Publications Sage CA: Los Angeles, CA}
}

@article{bradley1997use,
  title={The use of the area under the ROC curve in the evaluation of machine learning algorithms},
  author={Bradley, Andrew P},
  journal={Pattern recognition},
  volume={30},
  number={7},
  pages={1145--1159},
  year={1997}
}


@article{brunoni2014working,
  title={Working memory improvement with non-invasive brain stimulation of the dorsolateral prefrontal cortex: a systematic review and meta-analysis},
  author={Brunoni, Andr{\'e} Russowsky and Vanderhasselt, Marie-Anne},
  journal={Brain and cognition},
  volume={86},
  pages={1--9},
  year={2014},
  publisher={Elsevier}
}


@article{bojanowski2017enriching,
  title={Enriching word vectors with subword information},
  author={Bojanowski, Piotr and Grave, Edouard and Joulin, Armand and Mikolov, Tomas},
  journal={Transactions of the Association for Computational Linguistics},
  volume={5},
  pages={135--146},
  year={2017},
  publisher={MIT Press}
}


@article{cesario2014priming,
  title={Priming, replication, and the hardest science},
  author={Cesario, Joseph},
  journal={Perspectives on psychological science},
  volume={9},
  number={1},
  pages={40--48},
  year={2014},
  publisher={Sage Publications Sage CA: Los Angeles, CA}
}

@article{chua2016electrical,
  title={Electrical stimulation of the dorsolateral prefrontal cortex improves memory monitoring},
  author={Chua, Elizabeth F and Ahmed, Rifat},
  journal={Neuropsychologia},
  volume={85},
  pages={74--79},
  year={2016},
  publisher={Elsevier}
}

@article{dedoncker2016systematic,
  title={A systematic review and meta-analysis of the effects of transcranial direct current stimulation (tDCS) over the dorsolateral prefrontal cortex in healthy and neuropsychiatric samples: influence of stimulation parameters},
  author={Dedoncker, Josefien and Brunoni, Andre R and Baeken, Chris and Vanderhasselt, Marie-Anne},
  journal={Brain stimulation},
  volume={9},
  number={4},
  pages={501--517},
  year={2016},
  publisher={Elsevier}
}

@article{dedoncker2016effect,
  title={The effect of the interval-between-sessions on prefrontal transcranial direct current stimulation (tDCS) on cognitive outcomes: a systematic review and meta-analysis},
  author={Dedoncker, Josefien and Brunoni, Andre R and Baeken, Chris and Vanderhasselt, Marie-Anne},
  journal={Journal of Neural Transmission},
  volume={123},
  number={10},
  pages={1159--1172},
  year={2016},
  publisher={Springer}
}


@article{einstein1980levels,
  title={Levels of processing and organization: Additive effects of individual-item and relational processing.},
  author={Einstein, Gilles O and Hunt, R Reed},
  journal={Journal of experimental Psychology: Human learning and Memory},
  volume={6},
  number={5},
  pages={588},
  year={1980},
  publisher={American Psychological Association}
}



@article{fertonani2010naming,
  title={Naming facilitation induced by transcranial direct current stimulation},
  author={Fertonani, Anna and Rosini, Sandra and Cotelli, Maria and Rossini, Paolo Maria and Miniussi, Carlo},
  journal={Behavioural brain research},
  volume={208},
  number={2},
  pages={311--318},
  year={2010},
  publisher={Elsevier}
}

@article{fregni2005anodal,
  title={Anodal transcranial direct current stimulation of prefrontal cortex enhances working memory},
  author={Fregni, Felipe and Boggio, Paulo S and Nitsche, Michael and Bermpohl, Felix and Antal, Andrea and Feredoes, Eva and Marcolin, Marco A and Rigonatti, Sergio P and Silva, Maria TA and Paulus, Walter and others},
  journal={Experimental brain research},
  volume={166},
  number={1},
  pages={23--30},
  year={2005},
  publisher={Springer}
}

@article{fuster2000executive,
  title={Executive frontal functions},
  author={Fuster, Joaqu{\'\i}n M},
  journal={Experimental brain research},
  volume={133},
  number={1},
  pages={66--70},
  year={2000},
  publisher={Springer}
}


@article{galli2019systematic,
  title={A systematic review and meta-analysis of the effects of transcranial direct current stimulation (tDCS) on episodic memory},
  author={Galli, Giulia and Vadillo, Miguel A and Sirota, Miroslav and Feurra, Matteo and Medvedeva, Angela},
  journal={Brain stimulation},
  volume={12},
  number={2},
  pages={231--241},
  year={2019},
  publisher={Elsevier}
}

@article{giordano2017mechanisms,
  title={Mechanisms and effects of transcranial direct current stimulation},
  author={Giordano, James and Bikson, Marom and Kappenman, Emily S and Clark, Vincent P and Coslett, H Branch and Hamblin, Michael R and Hamilton, Roy and Jankord, Ryan and Kozumbo, Walter J and McKinley, R Andrew and others},
  journal={Dose-Response},
  volume={15},
  number={1},
  pages={1559325816685467},
  year={2017},
  publisher={SAGE Publications Sage CA: Los Angeles, CA}
}


@article{gray2015electrically,
  title={Electrically stimulating prefrontal cortex at retrieval improves recollection accuracy},
  author={Gray, Stephen J and Brookshire, Geoffrey and Casasanto, Daniel and Gallo, David A},
  journal={Cortex},
  volume={73},
  pages={188--194},
  year={2015},
  publisher={Elsevier}
}

@article{habich2017anodal,
  title={Anodal tDCS enhances verbal episodic memory in initially low performers},
  author={Habich, Annegret and Kl{\"o}ppel, Stefan and Abdulkadir, Ahmed and Scheller, Elisa and Nissen, Christoph and Peter, Jessica},
  journal={Frontiers in human neuroscience},
  volume={11},
  pages={542},
  year={2017},
  publisher={Frontiers}
}

@article{hammer2011errorless,
  title={Errorless and errorful learning modulated by transcranial direct current stimulation},
  author={Hammer, Anke and Mohammadi, Bahram and Schmicker, Marlen and Saliger, Sina and M{\"u}nte, Thomas F},
  journal={BMC neuroscience},
  volume={12},
  number={1},
  pages={72},
  year={2011},
  publisher={Springer}
}

@article{hawco2013dorsolateral,
  title={The dorsolateral prefrontal cortex plays a role in self-initiated elaborative cognitive processing during episodic memory encoding: rTMS evidence},
  author={Hawco, Colin and Berlim, Marcelo T and Lepage, Martin},
  journal={PLoS One},
  volume={8},
  number={9},
  year={2013},
  publisher={Public Library of Science}
}

@article{heroux2017questionable,
  title={Questionable science and reproducibility in electrical brain stimulation research},
  author={Heroux, Martin E and Loo, Colleen K and Taylor, Janet L and Gandevia, Simon C},
  journal={PloS one},
  volume={12},
  number={4},
  year={2017},
  publisher={Public Library of Science}
}


@article{horvath2015quantitative,
  title={Quantitative review finds no evidence of cognitive effects in healthy populations from single-session transcranial direct current stimulation (tDCS)},
  author={Horvath, Jared Cooney and Forte, Jason D and Carter, Olivia},
  journal={Brain stimulation},
  volume={8},
  number={3},
  pages={535--550},
  year={2015},
  publisher={Elsevier}
}



@article{javadi2013transcranial,
  title={Transcranial direct current stimulation (tDCS) enhances reconsolidation of long-term memory},
  author={Javadi, Amir Homayoun and Cheng, Paul},
  journal={Brain stimulation},
  volume={6},
  number={4},
  pages={668--674},
  year={2013},
  publisher={Elsevier}
}

@article{javadi2012transcranial,
  title={Transcranial direct current stimulation (tDCS) of the left dorsolateral prefrontal cortex modulates declarative memory},
  author={Javadi, Amir Homayoun and Walsh, Vincent},
  journal={Brain stimulation},
  volume={5},
  number={3},
  pages={231--241},
  year={2012},
  publisher={Elsevier}
}

@article{jones2014enhanced,
  title={Enhanced long-term memory encoding after parietal neurostimulation},
  author={Jones, Kevin T and G{\"o}zenman, Filiz and Berryhill, Marian E},
  journal={Experimental brain research},
  volume={232},
  number={12},
  pages={4043--4054},
  year={2014},
  publisher={Springer}
}

@article{joulin2018loss,
  title={Loss in translation: Learning bilingual word mapping with a retrieval criterion},
  author={Joulin, Armand and Bojanowski, Piotr and Mikolov, Tomas and J{\'e}gou, Herv{\'e} and Grave, Edouard},
  journal={arXiv preprint arXiv:1804.07745},
  year={2018}
}

@article{keeser2011prefrontal,
  title={Prefrontal transcranial direct current stimulation changes connectivity of resting-state networks during fMRI},
  author={Keeser, Daniel and Meindl, Thomas and Bor, Julie and Palm, Ulrich and Pogarell, Oliver and Mulert, Christoph and Brunelin, Jerome and M{\"o}ller, Hans-J{\"u}rgen and Reiser, Maximilian and Padberg, Frank},
  journal={Journal of Neuroscience},
  volume={31},
  number={43},
  pages={15284--15293},
  year={2011},
  publisher={Soc Neuroscience}
}


@article{lafontaine2013transcranial,
  title={Transcranial direct current stimulation of the dorsolateral prefrontal cortex modulates repetition suppression to unfamiliar faces: an ERP study},
  author={Lafontaine, Marc Philippe and Theoret, Hugo and Gosselin, Frederic and Lippe, Sarah},
  journal={PloS one},
  volume={8},
  number={12},
  year={2013},
  publisher={Public Library of Science}
}

@article{lara2017anodal,
  title={Anodal tDCS over the left DLPFC did not affect the encoding and retrieval of verbal declarative information},
  author={Lara, Gabriel A de and Knechtges, Philipp N and Paulus, Walter and Antal, Andrea},
  journal={Frontiers in neuroscience},
  volume={11},
  pages={452},
  year={2017},
  publisher={Frontiers}
}

@article{lu2015spatiotemporal,
  title={Spatiotemporal neural pattern similarity supports episodic memory},
  author={Lu, Yi and Wang, Changming and Chen, Chuansheng and Xue, Gui},
  journal={Current Biology},
  volume={25},
  number={6},
  pages={780--785},
  year={2015},
  publisher={Elsevier}
}


@article{manenti2013enhancing,
  title={Enhancing verbal episodic memory in older and young subjects after non-invasive brain stimulation},
  author={Manenti, Rosa and Brambilla, Michela and Petesi, Michela and Ferrari, Clarissa and Cotelli, Maria},
  journal={Frontiers in aging neuroscience},
  volume={5},
  pages={49},
  year={2013},
  publisher={Frontiers}
}

@article{manenti2012transcranial,
  title={Transcranial brain stimulation studies of episodic memory in young adults, elderly adults and individuals with memory dysfunction: a review},
  author={Manenti, Rosa and Cotelli, Maria and Robertson, Ian H and Miniussi, Carlo},
  journal={Brain Stimulation},
  volume={5},
  number={2},
  pages={103--109},
  year={2012},
  publisher={Elsevier}
}



@article{matzen2015effects,
  title={Effects of non-invasive brain stimulation on associative memory},
  author={Matzen, Laura E and Trumbo, Michael C and Leach, Ryan C and Leshikar, Eric D},
  journal={Brain research},
  volume={1624},
  pages={286--296},
  year={2015},
  publisher={Elsevier}
}

@article{mcinnes2018umap,
  title={Umap: Uniform manifold approximation and projection for dimension reduction},
  author={McInnes, Leland and Healy, John and Melville, James},
  journal={arXiv preprint arXiv:1802.03426},
  year={2018}
}

@MISC{authors2019,
  title={Anonymized for the review},
  author={Authors},
  year={2019},
  journal={Anonymized for the review},
  publisher={Anonymized for the review}
}

@article{meinzer2014transcranial,
  title={Transcranial direct current stimulation over multiple days improves learning and maintenance of a novel vocabulary},
  author={Meinzer, Marcus and J{\"a}hnigen, Sophia and Copland, David A and Darkow, Robert and Grittner, Ulrike and Avirame, Keren and Rodriguez, Amy D and Lindenberg, Robert and Fl{\"o}el, Agnes},
  journal={Cortex},
  volume={50},
  pages={137--147},
  year={2014},
  publisher={Elsevier}
}

@article{minarik2016importance,
  title={The importance of sample size for reproducibility of tDCS effects},
  author={Minarik, Tamas and Berger, Barbara and Althaus, Laura and Bader, Veronika and Biebl, Bianca and Brotzeller, Franziska and Fusban, Theodor and Hegemann, Jessica and Jesteadt, Lea and Kalweit, Lukas and others},
  journal={Frontiers in Human Neuroscience},
  volume={10},
  pages={453},
  year={2016},
  publisher={Frontiers}
}

@article{murray2007dorsolateral,
  title={The dorsolateral prefrontal cortex contributes to successful relational memory encoding},
  author={Murray, Linda J and Ranganath, Charan},
  journal={Journal of Neuroscience},
  volume={27},
  number={20},
  pages={5515--5522},
  year={2007},
  publisher={Soc Neuroscience}
}

@article{nyberg1996pet,
  title={PET studies of encoding and retrieval: The HERA model},
  author={Nyberg, Lars and Cabeza, Roberto and Tulving, Endel},
  journal={Psychonomic Bulletin \& Review},
  volume={3},
  number={2},
  pages={135--148},
  year={1996},
  publisher={Springer}
}


@article{olsen2012hippocampus,
  title={The hippocampus supports multiple cognitive processes through relational binding and comparison},
  author={Olsen, Rosanna Kathleen and Moses, Sandra N and Riggs, Lily and Ryan, Jennifer D},
  journal={Frontiers in human neuroscience},
  volume={6},
  pages={146},
  year={2012},
  publisher={Frontiers}
}

@incollection{olson2019tpot,
  title={TPOT: A tree-based pipeline optimization tool for automating machine learning},
  author={Olson, Randal S and Moore, Jason H},
  booktitle={Automated Machine Learning},
  pages={151--160},
  year={2019},
  publisher={Springer}
}


@article{paquette2011bilateral,
  title={Bilateral transcranial direct current stimulation modulates activation-induced regional blood flow changes during voluntary movement},
  author={Paquette, Caroline and Sidel, Michael and Radinska, Basia A and Soucy, Jean-Paul and Thiel, Alexander},
  journal={Journal of Cerebral Blood Flow \& Metabolism},
  volume={31},
  number={10},
  pages={2086--2095},
  year={2011},
  publisher={SAGE Publications Sage UK: London, England}
}

@article{park2013transcranial,
  title={Transcranial direct current stimulation increases resting state interhemispheric connectivity},
  author={Park, Chang-hyun and Chang, Won Hyuk and Park, Ji-Young and Shin, Yong-Il and Kim, Sung Tae and Kim, Yun-Hee},
  journal={Neuroscience letters},
  volume={539},
  pages={7--10},
  year={2013},
  publisher={Elsevier}
}

@article{pergolizzi2016transcranial,
  title={Transcranial direct current stimulation over the parietal cortex alters bias in item and source memory tasks},
  author={Pergolizzi, Denise and Chua, Elizabeth F},
  journal={Brain and cognition},
  volume={108},
  pages={56--65},
  year={2016},
  publisher={Elsevier}
}

@article{peterchev2017neuromodulation,
  title={Neuromodulation: Transcranial electric stimulation seen from within the brain},
  author={Peterchev, Angel V},
  journal={Elife},
  volume={6},
  pages={e25812},
  year={2017},
  publisher={eLife Sciences Publications Limited}
}

@article{pisoni2015guess,
  title={Guess who? Investigating the proper name processing network by means of tDCS},
  author={Pisoni, Alberto and Vernice, Mirta and Iasevoli, Luigi and Cattaneo, Zaira and Papagno, Costanza},
  journal={Neuropsychologia},
  volume={66},
  pages={267--278},
  year={2015},
  publisher={Elsevier}
}

@article{polania2018studying,
  title={Studying and modifying brain function with non-invasive brain stimulation},
  author={Polania, Rafael and Nitsche, Michael A and Ruff, Christian C},
  journal={Nature neuroscience},
  volume={21},
  number={2},
  pages={174--187},
  year={2018},
  publisher={Nature Publishing Group}
}

@article{raposo2009ventrolateral,
  title={Ventrolateral prefrontal cortex and self-initiated semantic elaboration during memory retrieval},
  author={Raposo, Ana and Han, Sanghoon and Dobbins, Ian G},
  journal={Neuropsychologia},
  volume={47},
  number={11},
  pages={2261--2271},
  year={2009},
  publisher={Elsevier}
}



@article{sandrini2014noninvasive,
  title={Noninvasive stimulation of prefrontal cortex strengthens existing episodic memories and reduces forgetting in the elderly},
  author={Sandrini, Marco and Brambilla, Michela and Manenti, Rosa and Rosini, Sandra and Cohen, Leonardo G and Cotelli, Maria},
  journal={Frontiers in aging neuroscience},
  volume={6},
  pages={289},
  year={2014},
  publisher={Frontiers}
}

@article{simons2003prefrontal,
  title={Prefrontal and medial temporal lobe interactions in long-term memory},
  author={Simons, Jon S and Spiers, Hugo J},
  journal={Nature reviews neuroscience},
  volume={4},
  number={8},
  pages={637--648},
  year={2003},
  publisher={Nature Publishing Group}
}


@article{smirni2015modulating,
  title={Modulating memory performance in healthy subjects with transcranial direct current stimulation over the right dorsolateral prefrontal cortex},
  author={Smirni, Daniela and Turriziani, Patrizia and Mangano, Giuseppa Renata and Cipolotti, Lisa and Oliveri, Massimiliano},
  journal={PloS one},
  volume={10},
  number={12},
  year={2015},
  publisher={Public Library of Science}
}

@article{snodgrass1988pragmatics,
  title={Pragmatics of measuring recognition memory: applications to dementia and amnesia.},
  author={Snodgrass, Joan G and Corwin, June},
  journal={Journal of experimental psychology: General},
  volume={117},
  number={1},
  pages={34},
  year={1988},
  publisher={American Psychological Association}
}

@article{szczepanski2014insights,
  title={Insights into human behavior from lesions to the prefrontal cortex},
  author={Szczepanski, Sara M and Knight, Robert T},
  journal={Neuron},
  volume={83},
  number={5},
  pages={1002--1018},
  year={2014},
  publisher={Elsevier}
}


@article{spaniol2009event,
  title={Event-related fMRI studies of episodic encoding and retrieval: meta-analyses using activation likelihood estimation},
  author={Spaniol, Julia and Davidson, Patrick SR and Kim, Alice SN and Han, Hua and Moscovitch, Morris and Grady, Cheryl L},
  journal={Neuropsychologia},
  volume={47},
  number={8-9},
  pages={1765--1779},
  year={2009},
  publisher={Elsevier}
}

@article{stagg2014local,
  title={Local GABA concentration is related to network-level resting functional connectivity},
  author={Stagg, Charlotte J and Bachtiar, Velicia and Amadi, Ugwechi and Gudberg, Christel A and Ilie, Andrei S and Sampaio-Baptista, Cassandra and O’Shea, Jacinta and Woolrich, Mark and Smith, Stephen M and Filippini, Nicola and others},
  journal={Elife},
  volume={3},
  pages={e01465},
  year={2014},
  publisher={eLife Sciences Publications Limited}
}

@article{staresina2009event,
  title={Event congruency enhances episodic memory encoding through semantic elaboration and relational binding},
  author={Staresina, Bernhard P and Gray, James C and Davachi, Lila},
  journal={Cerebral Cortex},
  volume={19},
  number={5},
  pages={1198--1207},
  year={2009},
  publisher={Oxford University Press}
}


@article{staresina2009mind,
  title={Mind the gap: binding experiences across space and time in the human hippocampus},
  author={Staresina, Bernhard P and Davachi, Lila},
  journal={Neuron},
  volume={63},
  number={2},
  pages={267--276},
  year={2009},
  publisher={Elsevier}
}

@article{summerfield2006neocortical,
  title={Neocortical connectivity during episodic memory formation},
  author={Summerfield, Christopher and Greene, Matthew and Wager, Tor and Egner, Tobias and Hirsch, Joy and Mangels, Jennifer},
  journal={PLoS biology},
  volume={4},
  number={5},
  year={2006},
  publisher={Public Library of Science}
}

@article{takahashi2007diffusion,
  title={Diffusion tensor studies dissociated two fronto-temporal pathways in the human memory system},
  author={Takahashi, Emi and Ohki, Kenichi and Kim, Dae-Shik},
  journal={Neuroimage},
  volume={34},
  number={2},
  pages={827--838},
  year={2007},
  publisher={Elsevier}
}


@article{vannorsdall2016reproducibility,
  title={Reproducibility of tDCS results in a randomized trial: failure to replicate findings of tDCS-induced enhancement of verbal fluency},
  author={Vannorsdall, Tracy D and Van Steenburgh, J Jason and Schretlen, David J and Jayatillake, Rasika and Skolasky, Richard L and Gordon, Barry},
  journal={Cognitive and Behavioral Neurology},
  volume={29},
  number={1},
  pages={11--17},
  year={2016},
  publisher={Wolters Kluwer}
}

@article{zwissler2014shaping,
  title={Shaping memory accuracy by left prefrontal transcranial direct current stimulation},
  author={Zwissler, Bastian and Sperber, Christoph and Aigeldinger, Sina and Schindler, Sebastian and Kissler, Johanna and Plewnia, Christian},
  journal={Journal of Neuroscience},
  volume={34},
  number={11},
  pages={4022--4026},
  year={2014},
  publisher={Soc Neuroscience}
}

